<?xml version="1.0" encoding="UTF-8"?><collection xmlns="http://www.loc.gov/MARC21/slim"><record><leader>00379nam--2200121-i-4500</leader><controlfield tag="001">000048015</controlfield><controlfield tag="002">20161230</controlfield><controlfield tag="005">20161230201046</controlfield><controlfield tag="008">060222s1000------------r-----000-0-eng-d</controlfield><datafield ind1=" " ind2=" " tag="100"><subfield code="a">Khalaf, Ali Ali Mohamed</subfield></datafield><datafield ind1=" " ind2=" " tag="245"><subfield code="a">Fragmentation, rearrangement and reorientation reactions of arenes induced by aluminium chloride. dissert</subfield></datafield><datafield ind1=" " ind2=" " tag="260"><subfield code="a">Austin, Texas, 1965, Xiv+230p</subfield></datafield><datafield ind1=" " ind2=" " tag="852"><subfield code="a">24038</subfield></datafield></record></collection>